%YAML 1.1
%TAG !u! tag:unity3d.com,2011:
--- !u!1 &2128992207183451547
GameObject:
  m_ObjectHideFlags: 0
  m_CorrespondingSourceObject: {fileID: 0}
  m_PrefabInstance: {fileID: 0}
  m_PrefabAsset: {fileID: 0}
  serializedVersion: 6
  m_Component:
  - component: {fileID: 2128992207183451545}
  - component: {fileID: 2128992207183451544}
  - component: {fileID: 2128992207183451543}
  - component: {fileID: 2128992207183451542}
  - component: {fileID: 9052186505603638276}
  m_Layer: 0
  m_Name: ClassicBlackPawn
  m_TagString: Untagged
  m_Icon: {fileID: 0}
  m_NavMeshLayer: 0
  m_StaticEditorFlags: 0
  m_IsActive: 1
--- !u!4 &2128992207183451545
Transform:
  m_ObjectHideFlags: 0
  m_CorrespondingSourceObject: {fileID: 0}
  m_PrefabInstance: {fileID: 0}
  m_PrefabAsset: {fileID: 0}
  m_GameObject: {fileID: 2128992207183451547}
  m_LocalRotation: {x: 0, y: 0, z: 0, w: 1}
  m_LocalPosition: {x: 0, y: 0, z: 0}
  m_LocalScale: {x: 1, y: 1, z: 1}
  m_Children: []
  m_Father: {fileID: 0}
  m_RootOrder: 0
  m_LocalEulerAnglesHint: {x: 0, y: 0, z: 0}
--- !u!114 &2128992207183451544
MonoBehaviour:
  m_ObjectHideFlags: 0
  m_CorrespondingSourceObject: {fileID: 0}
  m_PrefabInstance: {fileID: 0}
  m_PrefabAsset: {fileID: 0}
  m_GameObject: {fileID: 2128992207183451547}
  m_Enabled: 1
  m_EditorHideFlags: 0
  m_Script: {fileID: 11500000, guid: 28b8ee60276a6964d971f495773df45d, type: 3}
  m_Name: 
  m_EditorClassIdentifier: 
  type: 0
  color: 1
  moves:
  - {fileID: 2128992207183451543}
  - {fileID: 2128992207183451542}
  - {fileID: 9052186505603638276}
  modelToInstantiate: {fileID: 1867195236767680, guid: b1d95c04dd54e434aa65855a0f77d30f,
    type: 3}
  model: {fileID: 0}
--- !u!114 &2128992207183451543
MonoBehaviour:
  m_ObjectHideFlags: 0
  m_CorrespondingSourceObject: {fileID: 0}
  m_PrefabInstance: {fileID: 0}
  m_PrefabAsset: {fileID: 0}
  m_GameObject: {fileID: 2128992207183451547}
  m_Enabled: 1
  m_EditorHideFlags: 0
  m_Script: {fileID: 11500000, guid: 8b5305063493b8b4d80250191ff52923, type: 3}
  m_Name: 
  m_EditorClassIdentifier: 
  canCapture: 0
  mustCapture: 0
  firstMoveOnly: 0
  piece: {fileID: 2128992207183451544}
  distance: 1
  directions:
  - {x: -1, y: 0}
  circularMove: 0
  data:
    canCapture: 0
    mustCapture: 0
    firstMoveOnly: 0
    distance: 0
    directions: []
    circularMove: 0
--- !u!114 &2128992207183451542
MonoBehaviour:
  m_ObjectHideFlags: 0
  m_CorrespondingSourceObject: {fileID: 0}
  m_PrefabInstance: {fileID: 0}
  m_PrefabAsset: {fileID: 0}
  m_GameObject: {fileID: 2128992207183451547}
  m_Enabled: 1
  m_EditorHideFlags: 0
  m_Script: {fileID: 11500000, guid: 8b5305063493b8b4d80250191ff52923, type: 3}
  m_Name: 
  m_EditorClassIdentifier: 
  canCapture: 1
  mustCapture: 1
  firstMoveOnly: 0
  piece: {fileID: 2128992207183451544}
  distance: 1
  directions:
  - {x: -1, y: 1}
  - {x: -1, y: -1}
  circularMove: 0
  data:
    canCapture: 0
    mustCapture: 0
    firstMoveOnly: 0
    distance: 0
    directions: []
    circularMove: 0
--- !u!114 &9052186505603638276
MonoBehaviour:
  m_ObjectHideFlags: 0
  m_CorrespondingSourceObject: {fileID: 0}
  m_PrefabInstance: {fileID: 0}
  m_PrefabAsset: {fileID: 0}
  m_GameObject: {fileID: 2128992207183451547}
  m_Enabled: 1
  m_EditorHideFlags: 0
  m_Script: {fileID: 11500000, guid: 8b5305063493b8b4d80250191ff52923, type: 3}
  m_Name: 
  m_EditorClassIdentifier: 
  canCapture: 0
  mustCapture: 0
  firstMoveOnly: 1
  piece: {fileID: 2128992207183451544}
  distance: 2
  directions:
  - {x: -1, y: 0}
  circularMove: 0
  data:
    canCapture: 0
    mustCapture: 0
    firstMoveOnly: 0
    distance: 0
    directions: []
    circularMove: 0
